@article{Adiga-etal-2019,
   author = {A. Adiga and  C. J. Kuhlman and  M. V. Marathe and
             H. S. Mortveit and S. S. Ravi and A. Vullikanti},
   title  = {Graphical dynamical systems and their applications to 
             bio-social systems},
   journal = {International Journal of Advances in Engineering Sciences 
              and Applied Mathematics},
   volume = {11},
   issue  = {2},
   year   = {2019},
   pages = {153--171},
}

@article{Kumar-etal-2019,
AUTHOR={Kumar, Prem and Verma, Puneet and Singh, Anurag and Cherifi, Hocine},   
TITLE={Choosing Optimal Seed Nodes in Competitive Contagion},      
JOURNAL={Frontiers in Big Data},      
VOLUME={2},      
PAGES={16},     
YEAR={2019},      
}

@article{emotion-contagion,
  title={An agent-based model for emotion contagion and competition in online social media},
  author={Fan, Rui and Xu, Ke and Zhao, Jichang},
  journal={Physica A: Statistical Mechanics and its Applications},
  volume={495},
  pages={245--259},
  year={2018},
  publisher={Elsevier}
}
@article{jovanovski-multilayer,
  title={Modeling the Spread of Multiple Contagions on Multilayer Networks},
  author={Jovanovski, Petar and Tomovski, Igor and Kocarev, Ljupco},
  journal={arXiv preprint arXiv:1703.02906},
  year={2017}
}
@article{stanoev-multicontagion,
  title={Modeling the spread of multiple concurrent contagions on networks},
  author={Stanoev, Angel and Trpevski, Daniel and Kocarev, Ljupco},
  journal={PloS one},
  volume={9},
  number={6},
  year={2014},
  publisher={Public Library of Science}
}

